@Article{lda,
  author={David Blei and Andrew Ng and Michael Jordan},
  title={Latent Dirichlet Allocation},
  journal={Journal of Machine Learning Research},
  year={2003},
  volume={3},
  pages={993-1022}
}

@Article{dtm,
  author={David Blei and John D. Lafferty},
  title={Dynamic Topic Models},
  journal={ICML},
  year={2006},
}

@Article{ctm,
  author={David Blei and John D. Lafferty},
  title={A Correlated Topic Model of {\it Science}},
  journal={Annals of Applied Science},
  year={To Appear},
}

@Article{tot,
  author={Xuerui Wang  and Andrew McCallum},
  title={Topics over Time: A non-Markov Continuous-Time Model of Topical Trends},
  conference={KDD},
  year={2006},
}
@Article{ erosheva04mixedmembership,
  author = "Eric Erosheva and Stephen Fienberg and John Lafferty",
  title = "Mixed-membership models of scientific publications",
  journal= "Proceedings of the National Academy of Sciences",
  year= "2004",
  pages= "5220--5227",
  volume= "101",
}

@Article{ nallapati08link,
  title = "{Link-PLSA-LDA}: A new unsupervised model for topics and influence of blogs",
  author = "Ramesh Nallapati and William Cohen",
  journal= "International Conference for Weblogs and Social Media",
  year= "2008",
}

@incollection{introtoProbTM,
  author={Mark Steyvers and Tom Griffths},
  title={Probabilistic Topic Models},
  booktitle={Latent Semantic Analysis: A Road to Meaning},
  year={2005},
  publisher={Laurence Erlbaum}
}

@inbook{ gazdar96paradigm,
  author = {Gerald Gazdar},
  editor = {Robin Milner and Ian Wand},
  year = 1996,
  title = {Paradigm merger in natural language processing},
  booktitle = {Computing Tomorrow: Future Research Directions in Computer Science},
  pages = {88--109},
  publisher = {Cambridge University Press},
}

@misc{aclanth,
  author={Steven Bird},
  title = {Association of Computational Linguists Anthology},
  howpublished = {http://www.aclweb.org/anthology-index/}
 }

@misc{hbc,
   author= {Hal Daum\'e},
   title = {H{BC}: {H}ierarchical {B}ayes {C}ompiler},
   howpublished= {http://hal3.name/HBC. 2007} 
}

@misc{ddd,
  author={Xuejun Liao and  Qiuhua Liu and Chunping Wang and Lawrence Carin},
  title = {Neighborhood-Based Classification},
  year = {2006},
  howpublished = {http://www.ee.duke.edu/~lcarin/DDD\_talk\_yale\_3.pdf}
 }

@journal{Hastings1970,
  author={W.K. Hastings},
  title={Monte Carlo Sampling Methods Using Markov Chains and Their
    Applications},
  journal={Biometrika},
  volume={57(1)},
  pages={97-109},
  year={1970}
   }

@techreport{Joseph&Radev07,
  author = "Joseph, Mark T. and Radev, Dragomir R.",
  title = "Citation Analysis, Centrality, and the ACL Anthology",
  institution = "University of Michigan. Department of Electrical Engineering and Computer Science",
  pdf = "http://tangra.si.umich.edu/\~radev/papers/csetr535-07.pdf",
  postscript = "http://tangra.si.umich.edu/\~radev/papers/csetr535-07.ps",
  papernum = "112",
  year =  "2007",
  number = "CSE-TR-535-07",
  x-category = "CLAIR,RADEV,MISC"
}


@article{Brown1993-TMO,
  address = {Cambridge, MA, USA},
  author = {Brown, Peter  F.  and Della Pietra, Vincent  J.  and Della Pietra, Stephen  A.  and
    Mercer, Robert  L. },
  citeulike-article-id = {398272},
  issn = {0891-2017},
  journal = {Computational Linguistics},
  keywords = {alignment, language, statistics, translation},
  month = {June},
  number = {2},
  pages = {263--311},
  priority = {2},
  publisher = {MIT Press},
  title = {The mathematics of statistical machine translation: parameter
    estimation},
  volume = {19},
  year = {1993}
}

@article{ och03systematic,
  author = "Franz Och and Hermann Ney",
  title = "A Systematic Comparison of Various Statistical Alignment Models",
  journal = {Computational Linguistics},
  volume = {29},
  number = {1},
  pages = {9--51},
  year = "2003",
}

@article{ marcus94building,
  author = "Mitchell P. Marcus and Beatrice Santorini and Mary Ann Marcinkiewicz",
  title = "Building a Large Annotated Corpus of {E}nglish: The {P}enn {T}reebank",
  journal = "Computational Linguistics",
  volume = "19",
  number = "2",
  pages = "313-330",
  year="1994"}


@article{Merton1988Matthew,
  author = {Merton, Robert  K. },
  citeulike-article-id = {180545},
  journal = {Isis},
  keywords = {effect, matthew, property, symbolism},
  number = {4},
  pages = {606--623},
  posted-at = {2005-06-03 11:36:04},
  priority = {2},
  title = {The Matthew Effect in Science, II: Cumulative Advantage and the Symbolism of Intellectual Property},
  volume = {79},
  year = {1988}
}

@techreport{ page98pagerank,
    author = "Lawrence Page and Sergey Brin and Rajeev Motwani and Terry Winograd",
    institution = "Stanford Digital Library Technologies Project",
    title = "The PageRank Citation Ranking: Bringing Order to the Web",
    year = "1998",
} 

@inproceedings{ cohnnips01,title = "The missing link - a probabilistic model of document content and hypertext connectivity"
,author = "David Cohn and Thomas Hofmann"
,year = 2001
,booktitle = "Neural Information Processing Systems 13",
    }

@inproceedings{dietz07unsupervised,
 author = {Laura Dietz and Steffen Bickel and Tobias Scheffer},
 title = {Unsupervised prediction of citation influences},
 booktitle = {ICML '07: Proceedings of the 24th international conference on Machine learning},
 year = {2007},
 pages = {233--240},
 publisher = {ACM},
 }

@inproceedings{ hofmann99probabilistic,
  author = "Thomas Hofmann",
  title = "Probabilistic Latent Semantic Analysis",
  booktitle = "Proc. of Uncertainty in Artificial Intelligence",
  address = "Stockholm",
  year = "1999",
}

@article{dean2008mapreduce,
  address = {New York, NY, USA},
  author = {Dean, Jeffrey and Ghemawat, Sanjay  },
  issn = {0001-0782},
  journal = {Commun. ACM},
  month = {January},
  number = {1},
  pages = {107--113},
  publisher = {ACM},
  title = {Map{R}educe: simplified data processing on large clusters},
  volume = {51},
  year = {2008}
}

@article{griffiths04finding,
  author = {Griffiths, T. L.  and Steyvers, M. },
  journal = {Proc Natl Acad Sci U S A},
  keywords = {lda, topic\_models},
  month = {April},
  pages = {5228--5235},
  title = {Finding scientific topics},
  volume = {101 Suppl 1},
  year = {2004}
}


@book{kuhn62structure,
  author = {Kuhn, Thomas  S. },
  howpublished = {Paperback},
  keywords = {5, philosophy, science},
  priority = {0},
  publisher = {{University Of Chicago Press}},
  title = {The Structure of Scientific Revolutions},
  year = {1962}
}


@article{mcdonald01distributional,
  author={Scott McDonald and Michael Ramscar},
  year={2001},
  pages={611--616},
  title={Testing the distributional hypothesis: The influence of context on judgments of semantic
    similarity},
  journal={Proceedings of the 23rd Annual Conference of the Cognitive Science Society}
}


@article{ deerwester90indexing,
    author = "Scott C. Deerwester and Susan T. Dumais and Thomas K. Landauer and George W. Furnas and Richard A. Harshman",
    title = "Indexing by Latent Semantic Analysis",
    journal = "Journal of the American Society of Information Science",
    volume = "41",
    number = "6",
    pages = "391-407",
    year = "1990",
}

@book{manning08introduction,
  author = {Manning, Christopher  D. and Raghavan, Prabhakar and Sch\"{u}tze, Hinrich  },
  priority = {0},
  publisher = {Cambridge University Press},
  title = {Introduction to Information Retrieval, Ch. 18, 19, 20 (optional)},
  year = {2008}
}

@inproceedings{kay84functional,
  author = {Martin Kay},
  title = {Functional Unification Grammar: a formalism for machine translation},
  booktitle = {Proceedings of the 22nd annual meeting on Association for Computational
    Linguistics},
  year = {1984},
  pages = {75--78},
  location = {Stanford, California},
  publisher = {Association for Computational Linguistics},
}

@inbook{ohala93phonetics,
  author={John Ohala},
  title ={The phonetics of sound change},
  booktitle={Historical linguistics: Problems and perspectives},
  year={1993},
  pages={237-238},
  location={London},
  publisher={Longman},
}
